@article{friston1994statistical,
  title={Statistical parametric maps in functional imaging: a general linear approach},
  author={Friston, Karl J and Holmes, Andrew P and Worsley, Keith J and Poline, J-P and Frith, Chris D and Frackowiak, Richard SJ},
  journal={Human brain mapping},
  volume={2},
  number={4},
  pages={189--210},
  year={1994},
  publisher={Wiley Online Library}
}
